@inproceedings{Bolt:1980:LVG:800250.807503,
 author = {Bolt, Richard A.},
 title = {\&Ldquo;Put-that-there\&Rdquo;: Voice and Gesture at the Graphics Interface},
 booktitle = {Proceedings of the 7th Annual Conference on Computer Graphics and Interactive Techniques},
 series = {SIGGRAPH '80},
 year = {1980},
 isbn = {0-89791-021-4},
 location = {Seattle, Washington, USA},
 pages = {262--270},
 numpages = {9},
 url = {http://doi.acm.org/10.1145/800250.807503},
 doi = {10.1145/800250.807503},
 acmid = {807503},
 publisher = {ACM},
 address = {New York, NY, USA},
 keywords = {Gesture, Graphics, Graphics interface, Man-machine interfaces, Space sensing, Spatial data management, Speech input, Voice input},
} 

@inproceedings{Begel05programmingby,
    author = {Andrew Begel},
    title = {Programming by voice: A domain-specific application of speech recognition},
    booktitle = {In AVIOS Speech Technology Symposium â€“ SpeechTek West},
    year = {2005}
}

@inproceedings{Harada:2009:LSP:1518701.1518757,
 author = {Harada, Susumu and Wobbrock, Jacob O. and Malkin, Jonathan and Bilmes, Jeff A. and Landay, James A.},
 title = {Longitudinal Study of People Learning to Use Continuous Voice-based Cursor Control},
 booktitle = {Proceedings of the SIGCHI Conference on Human Factors in Computing Systems},
 series = {CHI '09},
 year = {2009},
 isbn = {978-1-60558-246-7},
 location = {Boston, MA, USA},
 pages = {347--356},
 numpages = {10},
 url = {http://doi.acm.org/10.1145/1518701.1518757},
 doi = {10.1145/1518701.1518757},
 acmid = {1518757},
 publisher = {ACM},
 address = {New York, NY, USA},
 keywords = {longitudinal study, motor impairment, pointer control, speech recognition, voice-based interface},
} 

@article{doi:10.1207/s1532690xci0804\_5,
 author = {John Sweller and Paul Chandler },
 title = {Evidence for Cognitive Load Theory},
 journal = {Cognition and Instruction},
 volume = {8},
 number = {4},
 pages = {351-362},
 year  = {1991},
 publisher = {Routledge},
 doi = {10.1207/s1532690xci0804\_5},
 URL = {https://doi.org/10.1207/s1532690xci0804_5},
}

@book{ref9910126584802121,
 author={Sweller, John 1946- author},
 title={Cognitive load theory},
 year={[2011]},
 publisher={New York : Springer, [2011]. {\textcopyright}2011},
 abstract={1 online resource (xvi, 274 pages) : illustrations},
 note={Includes bibliographical references (pages 243-261) and index.},
 url={https://search.library.wisc.edu/catalog/9910126584802121}
}

@article{Shneiderman:2000:LSR:348941.348990,
 author = {Shneiderman, Ben},
 title = {The Limits of Speech Recognition},
 journal = {Commun. ACM},
 issue_date = {Sept. 2000},
 volume = {43},
 number = {9},
 month = sep,
 year = {2000},
 issn = {0001-0782},
 pages = {63--65},
 numpages = {3},
 url = {http://doi.acm.org/10.1145/348941.348990},
 doi = {10.1145/348941.348990},
 acmid = {348990},
 publisher = {ACM},
 address = {New York, NY, USA},
} 

@article{sweller1988cognitive,
  title={Cognitive load during problem solving: Effects on learning},
  author={Sweller, John},
  journal={Cognitive science},
  volume={12},
  number={2},
  pages={257--285},
  year={1988},
  publisher={Wiley Online Library}
}

@article{du1986some,
  title={Some difficulties of learning to program},
  author={Du Boulay, Benedict},
  journal={Journal of Educational Computing Research},
  volume={2},
  number={1},
  pages={57--73},
  year={1986},
  publisher={SAGE Publications Sage CA: Los Angeles, CA}
}

@inproceedings{arnold2000programming,
  title={Programming by voice, VocalProgramming},
  author={Arnold, Stephen C and Mark, Leo and Goldthwaite, John},
  booktitle={Proceedings of the fourth international ACM conference on Assistive technologies},
  pages={149--155},
  year={2000},
  organization={ACM}
}

@misc{rudnicky2015cmudict,
	title={CMUDict},
	author={Alex Rudnicky},
	year={2015},
	publisher = {GitHub},
	journal = {GitHub repository},
	url = {https://github.com/Alexir/CMUdict},
	commit = {7a37de79f7e650fd6334333b1b5d2bcf0dee8ad3},
}

@inproceedings{desilets2006voicecode,
  title={Voicecode: An innovative speech interface for programming-by-voice},
  author={D{\'e}silets, Alain and Fox, David C and Norton, Stuart},
  booktitle={CHI'06 Extended Abstracts on Human Factors in Computing Systems},
  pages={239--242},
  year={2006},
  organization={ACM}
}

@inproceedings{delimarschi2014enabling,
  title={Enabling integrated development environments with natural user interface interactions},
  author={Delimarschi, Denis and Swartzendruber, George and Kagdi, Huzefa},
  booktitle={Proceedings of the 22nd International Conference on Program Comprehension},
  pages={126--129},
  year={2014},
  organization={ACM}
}

@inproceedings{glucker2014eyede,
  title={EyeDE: gaze-enhanced software development environments},
  author={Gl{\"u}cker, Hartmut and Raab, Felix and Echtler, Florian and Wolff, Christian},
  booktitle={CHI'14 Extended Abstracts on Human Factors in Computing Systems},
  pages={1555--1560},
  year={2014},
  organization={ACM}
}

@phdthesis{stefik2008design,
  title={On the design of program execution environments for non-sighted computer programmers},
  author={Stefik, A},
  year={2008},
  school={PhD thesis, Washington State University}
}
